@BOOK{buildingms,
	author = {Sam Newman},
	title = {Building Microservices},
	publisher = {O'Reilly},
	year = {2015},
	isbn = {9781491950357}
}

@BOOK{dddesign,
	author = {Eric Evans},
	title = {Domain-driven Design},
	publisher = {Addison-Wesley Professional},
	year = {2003},
	isbn = {9780321125217}
}

@MASTERSTHESIS{mkthesis,
	author = {Martin Kurz},
	title = {Verbesserung des Softwareentwicklungsprozesses der Landeshauptstadt Muenchen durch modellgetriebene Softwareentwicklung},
	school = {Hochschule MÃ¼nchen},
	year = {2016}
}

@ARTICLE{gremlin,
	author = {Victor Heorhiadi{,} Shriram Rajagopalan{,} Hani Jamjoom},
	title = {Gremlin: Systematic Resilience Testing of Microservices},
	url = {http://ieeexplore.ieee.org/document/7536505/?reload=true}
}

@ARTICLE{infosys,
	author = {Arvind Sundar},
	title = {An Insight into Microservices Testing Strategies},
	url = {https://www.infosys.com/it-services/validation-solutions/white-papers/documents/microservices-testing-strategies.pdf},
	note = {Abgerufen am 01.11.2016}
}

@ARTICLE{clemson,
	author = {Toby Clemson},
	title = {Testin Strategies in a Microservice Architecture},
	year = {2014},
	url = {http://martinfowler.com/articles/microservice-testing/},
	note = {Abgerufen am 01.11.2016}
}

@ARTICLE{msvalidation,
	author = {Dmitry Savchenko{,} Gleb Radchenko},
	title = {Microservices Validation: Methodology and Implementation},
	url = {http://ceur-ws.org/Vol-1513/paper-03.pdf}
}

@ARTICLE{charette,
	author = {Robert N. Charette},
	title = {Why Software Fails},
	year = {2005},
	url = {http://spectrum.ieee.org/computing/software/why-software-fails}
}

@ARTICLE{sqsdefect,
	author = {SQS},
	title = {Detect errors early on, reduce costs and increase quality},
	url = {https://www.sqs.com/en/academy/download/fact-sheet-EED-en.pdf}
}