#### Einführung #######################################

@ARTICLE{hagen,
	author={Stefan Hagen},
	title={Das \enquote{Triple Constraint} im Projektmanagement},
	year={2008},
	url={http://pm-blog.com/2008/08/04/triple_constraint_magisches_dreiec/},
	note={Zuletzt Abgerufen am 10.01.2017}
}

@ARTICLE{charette,
	author = {Robert N. Charette},
	title = {Why Software Fails},
	year = {2005},
	url = {http://spectrum.ieee.org/computing/software/why-software-fails}
}

@ARTICLE{sqsdefect,
	author = {SQS},
	title = {Detect errors early on, reduce costs and increase quality},
	url = {https://www.sqs.com/en/academy/download/fact-sheet-EED-en.pdf}
}

@MASTERSTHESIS{mkthesis,
	author = {Martin Kurz},
	title = {Verbesserung des Softwareentwicklungsprozesses der Landeshauptstadt Muenchen durch modellgetriebene Softwareentwicklung},
	school = {Hochschule München},
	year = {2016}
}

#### Microservices Generell #######################################
@BOOK{buildingms,
	author = {Sam Newman},
	title = {Building Microservices},
	isbn = {9781491950357},
	year = {2015},
	publisher = {O'Reilly}
}

@book{wolff,
	author={Eberhard Wolff},
	title={Microservices: Grundlagen flexibler Softwarearchitekturen},
	isbn={9783864903137},
	url={https://books.google.de/books?id=SrccswEACAAJ},
	year={2015},
	publisher={Dpunkt.Verlag GmbH}
}


@BOOK{dddesign,
	author = {Eric Evans},
	title = {Domain-driven Design},
	publisher = {Addison-Wesley Professional},
	year = {2003},
	isbn = {9780321125217}
}

@ARTICLE{mogosanu,
	author={Mike Mogosanu},
	title={DDD Decoded - The Aggregate and Aggregate Root Explained},
	year={2016},
	url={http://blog.sapiensworks.com/post/2016/07/14/DDD-Aggregate-Decoded-1},
	note={Zuletzt Abgerufen am 31.01.2017}
}

@ARTICLE{shareddb,
	author={Gregor Hohpe},
	title={Enterprise Integration Styles},
	year={2004},
	url={http://www.informit.com/articles/article.aspx?p=169483&seqNum=3},
	note={Zuletzt Abgerufen am 13.01.2017}
}

@ARTICLE{fielding,
	author={Roy Thomas Fielding},
	title={Architectural Styles and the Design of Network-based Software Architectures},
	year={2000},
	url={http://www.ics.uci.edu/~fielding/pubs/dissertation/rest_arch_style.htm},
	note={Zuletzt Abgerufen am 13.01.2017}
}

@ARTICLE{duvander,
	author={Adam DuVander},
	title={New Job Requirement: Experience Building RESTful APIs},
	year={2010},
	url={http://www.programmableweb.com/news/new-job-requirement-experience-building-restful-apis/2010/06/09},
	note = {Zuletzt Abgerufen am 12.12.2016}
}

@ARTICLE{restexample,
	author={Samsung},
	title={Anyframe Spring REST Plugin},
	year={2010},
	url={http://dev.anyframejava.org/docs.en/anyframe/plugin/springrest/1.0.2/reference/html/ch02.html},
	note={Zuletzt Abgerufen am 25.01.2017}
}

@ARTICLE{hatsm,
	author={Oliver Gierke},
	title={DDD \& REST - Domain-Driven APIs for the web},
	year={2016},
	url={https://speakerdeck.com/olivergierke/ddd-and-rest-domain-driven-apis-for-the-web-3?slide=65},
	note={Zuletzt Abgerufen am 31.01.2017}
}

@ARTICLE{white707,
	author={James E. White},
	title={A High-Level Framework for Network-Based Resource Sharing},
	year={1976},
	url={https://tools.ietf.org/html/rfc707},
	note={Zuletzt Abgerufen am 24.01.2017}
}

@ARTICLE{duvander2,
	author={Adam DuVander},
	title={JSON's Eight Year Convergence With XML},
	year={2013},
	url={http://www.programmableweb.com/news/jsons-eight-year-convergence-xml/2013/12/26},
	note={Zuletzt Abgerufen am 12.12.2016}
}

@ARTICLE{messagingwolff,
	author={Eberhard Wolff},
	title={REST vs. Messaging For Microservices},
	year={2015},
	url={http://de.slideshare.net/ewolff/rest-vs-messaging-for-microservices},
	note={Zuletzt Abgerufen am 02.02.2017}
}

@ARTICLE{degges,
	author={Randall Degges},
	title={What the Heck is OAuth?},
	year={2015},
	url={https://stormpath.com/blog/what-the-heck-is-oauth},
	note={Zuletzt Abgerufen am 24.01.2017}
}

@ARTICLE{bastaniarch,
	author={Kenny Bastani},
	title={Event Sourcing in Microservices Using Spring Cloud and Reactor},
	year={2016},
	url={http://www.kennybastani.com/2016/04/event-sourcing-microservices-spring-cloud.html},
	note={Zuletzt Abgerufen am 01.02.2017}
}

############# Monolithen ################################################

@ARTICLE{richardson,
	author={Chris Richardson},
	title={Pattern: Monolithic Architecture},
	year={2014},
	url={http://microservices.io/patterns/monolithic.html},
	note={Zuletzt Abgerufen am 16.01..2017}
}

@ARTICLE{tradeoffs,
	author={Martin Fowler},
	title={Microservices Trade-Offs},
	year={2015},
	url={https://martinfowler.com/articles/microservice-trade-offs.html},
	note={Zuletzt Abgerufen am 24.01.2017}
}

@ARTICLE{hoff,
	author={Todd Hoff},
	title={The Great Microservices Vs Monolithic Apps Twitter Melee },
	year={2014},
	url={http://highscalability.com/blog/2014/7/28/the-great-microservices-vs-monolithic-apps-twitter-melee.html},
	note={Zuletzt Abgerufen am 24.01.2017}
}

#### Testing Allgemein ##########################################

@ARTICLE{pantesting,
	author={Jiantao Pan},
	title={Software Testing},
	year={1999},
	url={https://users.ece.cmu.edu/~koopman/des_s99/sw_testing/},
	note={Zuletzt Abgerufen am 26.01.2017}
}

@ARTICLE{erikssonreq,
	author={Ulf Eriksson},
	title={Functional vs Non Functional Requirements},
	year={2012},
	url={http://reqtest.com/requirements-blog/functional-vs-non-functional-requirements/},
	note={Zuletzt Abgerufen am 26.01.2017}
}

@ARTICLE{erikssontesting,
	author={Ulf Eriksson},
	title={Functional vs Non Functional Testing},
	year={2012},
	url={http://reqtest.com/testing-blog/functional-vs-non-functional-testing/},
	note={Zuletzt Abgerufen am 26.01.2017}
}

@ARTICLE{inflectra,
	author={Inflectra},
	title={Testing Methodologies},
	year={2016},
	url={https://www.inflectra.com/Ideas/Topic/Testing-Methodologies.aspx},
	note={Zuletzt Abgerufen am 26.01.2017}
}

#### Architektur Stadt ##########################################

@ARTICLE{hieatt,
	author={Edward Hieatt and Rob Mee},
	title={Repository},
	year={2003},
	url={https://www.martinfowler.com/eaaCatalog/repository.html},
	note={Zuletzt Abgerufen am 01.02.2017}
}

#### Microservice Testing ##########################################

@ARTICLE{gremlin,
	author = {Victor Heorhiadi{,} Shriram Rajagopalan{,} Hani Jamjoom},
	title = {Gremlin: Systematic Resilience Testing of Microservices},
	url = {http://ieeexplore.ieee.org/document/7536505/?reload=true}
}

@ARTICLE{infosys,
	author = {Arvind Sundar},
	title = {An Insight into Microservices Testing Strategies},
	url = {https://www.infosys.com/it-services/validation-solutions/white-papers/documents/microservices-testing-strategies.pdf},
	note = {Zuletzt Abgerufen am 01.11.2016}
}

@ARTICLE{clemson,
	author = {Toby Clemson},
	title = {Testing Strategies in a Microservice Architecture},
	year = {2014},
	url = {http://martinfowler.com/articles/microservice-testing/},
	note = {Zuletzt Abgerufen am 01.11.2016}
}

@ARTICLE{msvalidation,
	author = {Dmitry Savchenko{,} Gleb Radchenko},
	title = {Microservices Validation: Methodology and Implementation},
	url = {http://ceur-ws.org/Vol-1513/paper-03.pdf}
}

@ARTICLE{fowlersnow,
	author={Martin Fowler},
	title={SnowflakeServer},
	year={2012},
	url={https://martinfowler.com/bliki/SnowflakeServer.html},
	note={Zuletzt Abgerufen am 27.01.2017}
}

@ARTICLE{fowlertestdouble,
	author={Martin Fowler},
	title={TestDouble},
	year={2006},
	url={https://www.martinfowler.com/bliki/TestDouble.html},
	note={Zuletzt Abgerufen am 01.02.2017}
}

@ARTICLE{,
	author={},
	title={},
	year={},
	url={},
	note={Zuletzt Abgerufen am 01.02.2017}
}

####################################################################

@ARTICLE{,
	author={},
	title={},
	year={},
	url={},
	note={Zuletzt Abgerufen am xx.xx.2017}
}